%YAML 1.1
%TAG !u! tag:unity3d.com,2011:
--- !u!1 &100000
GameObject:
  m_ObjectHideFlags: 0
  m_PrefabParentObject: {fileID: 0}
  m_PrefabInternal: {fileID: 100100000}
  serializedVersion: 4
  m_Component:
  - 4: {fileID: 400000}
  - 68: {fileID: 6800000}
  - 114: {fileID: 11400000}
  - 50: {fileID: 5000000}
  m_Layer: 10
  m_Name: Barrier
  m_TagString: Untagged
  m_Icon: {fileID: 0}
  m_NavMeshLayer: 0
  m_StaticEditorFlags: 0
  m_IsActive: 1
--- !u!4 &400000
Transform:
  m_ObjectHideFlags: 1
  m_PrefabParentObject: {fileID: 0}
  m_PrefabInternal: {fileID: 100100000}
  m_GameObject: {fileID: 100000}
  m_LocalRotation: {x: 0, y: 0, z: .195090339, w: .98078531}
  m_LocalPosition: {x: 0, y: 0, z: 0}
  m_LocalScale: {x: 1, y: 1, z: 1}
  m_Children: []
  m_Father: {fileID: 0}
  m_RootOrder: 0
--- !u!50 &5000000
Rigidbody2D:
  m_ObjectHideFlags: 1
  m_PrefabParentObject: {fileID: 0}
  m_PrefabInternal: {fileID: 100100000}
  m_GameObject: {fileID: 100000}
  m_Mass: 1
  m_LinearDrag: 0
  m_AngularDrag: 0
  m_GravityScale: 0
  m_FixedAngle: 1
  m_IsKinematic: 1
  m_Interpolate: 0
  m_SleepingMode: 1
  m_CollisionDetection: 1
--- !u!68 &6800000
EdgeCollider2D:
  m_ObjectHideFlags: 1
  m_PrefabParentObject: {fileID: 0}
  m_PrefabInternal: {fileID: 100100000}
  m_GameObject: {fileID: 100000}
  m_Enabled: 1
  m_Material: {fileID: 6200000, guid: 9f7e4fb7d6e79df45be46fb55ae59972, type: 2}
  m_IsTrigger: 0
  m_Points:
  - {x: 0, y: 4}
  - {x: .780361295, y: 3.923141}
  - {x: 1.53073382, y: 3.69551802}
  - {x: 2.22228098, y: 3.32587838}
  - {x: 2.82842708, y: 2.82842708}
  - {x: 3.32587862, y: 2.22228074}
  - {x: 3.69551802, y: 1.5307337}
  - {x: 3.92314124, y: .780360937}
  - {x: 4, y: -1.74845553e-07}
  - {x: 3.923141, y: -.780361295}
  - {x: 3.69551802, y: -1.53073406}
  - {x: 3.32587814, y: -2.22228146}
  - {x: 2.82842708, y: -2.82842708}
  - {x: 2.22228074, y: -3.32587862}
  - {x: 1.53073311, y: -3.69551849}
  - {x: .780361235, y: -3.92314124}
  - {x: -3.49691106e-07, y: -4}
  - {x: -.78036195, y: -3.923141}
  - {x: -1.5307337, y: -3.69551802}
  - {x: -2.22228122, y: -3.32587814}
  - {x: -2.82842755, y: -2.8284266}
  - {x: -3.3258791, y: -2.22228003}
  - {x: -3.69551873, y: -1.53073251}
  - {x: -3.923141, y: -.780361533}
  - {x: -4, y: 4.76995226e-08}
  - {x: -3.923141, y: .780361652}
  - {x: -3.69551778, y: 1.53073442}
  - {x: -3.3258779, y: 2.22228169}
  - {x: -2.82842612, y: 2.82842803}
  - {x: -2.22228122, y: 3.32587838}
  - {x: -1.5307337, y: 3.69551826}
  - {x: -.780360937, y: 3.92314124}
  - {x: 6.99382213e-07, y: 4}
--- !u!114 &11400000
MonoBehaviour:
  m_ObjectHideFlags: 1
  m_PrefabParentObject: {fileID: 0}
  m_PrefabInternal: {fileID: 100100000}
  m_GameObject: {fileID: 100000}
  m_Enabled: 1
  m_EditorHideFlags: 0
  m_Script: {fileID: 11500000, guid: f3e962f41c31e65469ba2ee415cc2646, type: 3}
  m_Name: 
  m_EditorClassIdentifier: 
  Radius: 4
  NumPoints: 8
  Loki: {fileID: 0}
  Thor: {fileID: 0}
--- !u!1001 &100100000
Prefab:
  m_ObjectHideFlags: 1
  serializedVersion: 2
  m_Modification:
    m_TransformParent: {fileID: 0}
    m_Modifications: []
    m_RemovedComponents: []
  m_ParentPrefab: {fileID: 0}
  m_RootGameObject: {fileID: 100000}
  m_IsPrefabParent: 1
  m_IsExploded: 1
